@article{TestKey,
author = {Testy Tetington},
journal = {The testing testers},
pages = {1599--1602},
title = {{To test or not to test}},
volume = {42},
year = {1600}
}